@Misc{xen,
 title = {{X}en {U}ser {M}anual},
 author = {Christopher Clark},
 year = 2006,
 note = {\url{http://www.cl.cam.ac.uk/research/srg/netos/xen/readmes/user/user.html}}
}

@Misc{dnsr,
 title = {{DNS} {R}esources {D}irectory},
 author = {András Salamon},
 year = 2006,
 note = {\url{http://www.dns.net/dnsrd/}}
}

@Misc{dnshowto,
 title = {{DNS} {HOWTO}},
 author = {Nicolai Langfeldt and Jamie Norrish and others},
 year = 2001,
 note = {\url{http://tldp.org/HOWTO/DNS-HOWTO.html}}
}

@Misc{openldap,
  title = {{Open{LDAP} -- community developed {LDAP} software}},
  author = {OpenLDAP Foundation},
  note = {\url{http://www.openldap.org/}}
}

@Misc{ldapbrasil,
  title = {{P}rojeto {LDAP}-{B}rasil},
  year= 2006,
  note = {\url{http://www.openldap.org/}}
}

@Misc{ldaphowto,
  title = {{LDAP} {L}inux {HOWTO}},
  author = {Luiz Ernesto Pinheiro Malère},
  year= 2005,
  note = {\url{http://tldp.org/HOWTO/LDAP-HOWTO/}}
}

@Misc{dnsstuff,
  title = {{www.{DNS}stuff.com}},
  author = {Computerized Horizons},
  year = 2006,
  note = {\url{http://www.dnsstuff.com/}}
}

@Misc{nfshowto,
  title = {{L}inux {NFS-HOWTO}},
  author = {Christopher Smith},
  year = 2006,
  note = {\url{http://nfs.sourceforge.net/nfs-howto/}}
}

@Article{sistemancc,
    title = "{I}ntegrando e {C}entralizando a {A}dministração de {S}erviços 
        de uma {LAN}",
    author = "Diego Luís Kreutz and Tiago Fiorezze and Benhur Stein",
    journal = "Anais do II Simpósio de Informática da Região Centro /
        RS, Santa Maria, Centro Universitário Franciscano",
    Address = "Santa Maria",
    Institution = "Centro Universitário Franciscano",
    year = "2003"
}

@Misc{advancedbash,
    title = "{A}dvanced {B}ash-{S}cripting {G}uide",
    author = "Mendel Cooper",
    year = 2006,
    month = oct,
  note = {\url{http://tldp.org/LDP/abs/html/}}
}

@Manual{gnumake,
    author = {Free Software Foundation},
    title   = {{GNU} {M}ake {M}anual},
    year = 2006,
    month = apr,
    note = {\url{http://www.gnu.org/software/make/manual/}}
}

@Misc{samba,
    title = "{T}he {O}fficial {S}amba-3 {HOWTO} and {R}eference
        {G}uide",
    author = "Jelmer R. Vernooij and John H. Terpstra and Gerald
        (Jerry) Carter",
    year = 2006,
    note = {\url{http://us3.samba.org/samba/docs/man/Samba-HOWTO-Collection/}}
}

@Misc{iscbind,
 title = {{{ISC} {BIND}}},
 author = {Internet Software Consortium}, 
 note = {\url{http://www.isc.org/sw/bind/}}
}

@Misc{remoteboot,
 title = {{L}inux {R}emote-{B}oot mini-{HOWTO}},
 author = {Marc Vuïlleumïer Stückelberg and David Clerc}, 
 year = 1999,
 note = {\url{http://www.faqs.org/docs/Linux-mini/Remote-Boot.html}}
}

@Misc{linuxkernel,
 title = {{T}he {L}inux {K}ernel {A}rchives},
 year = 2006,
 note = {\url{http://www.kernel.org/}}
}

@Misc{windows,
 title = {{M}icrosoft {C}orporation},
 year = 2006,
 note = {\url{http://www.microsoft.com/}}
}

@Misc{syslinux,
 title = {{SYSLINUX}},
 author = {H. Peter Anvin},
 year = 2006,
 note = {\url{http://syslinux.zytor.com/}}
}

@Misc{nfsroot,
    title = "{NFS}-{R}oot {M}ini-{HOWTO}",
    note = {\url{http://tldp.org/HOWTO/NFS-Root.html}},
    year = 2006
}

@Misc{pykota,
    title = "{P}ykota {O}fficial {W}ebsite",
    author = "Jérôme Alet and Rachel Vaudron and others",
    note = {\url{http://www.pykota.com/}},
    year = 2006
}

@Misc{mysql,
    title = "My{SQL} {H}ome {P}age",
    note = {\url{http://www.mysql.com/}},
    year = 2006
}


@Misc{mysqlgentoo,
    title = "My{SQL} {S}tartup {G}uide",
    author = "Chris White",
    note = {\url{http://www.gentoo.org/doc/en/mysql-howto.xml}},
    year = 2006
}

@Misc{ssh,
    title = "{SSH}: {I}ntroduction, {S}etup, and {B}asic {P}roblem
        {R}esolution",
    author = "Technical Consulting Group",
    note = {\url{http://www.cisl.ucar.edu/docs/ssh/guide/}},
    year = 2002
}

@Misc{grsec,
    title = "{GRS}ecurity",
    note = {\url{http://www.grsecurity.net}},
    year = 2006
}

@Misc{xengentoo,
    title = "{HOWTO} {X}en and {G}entoo",
    note = {\url{http://gentoo-wiki.com/HOWTO_Xen_and_Gentoo}},
    year = 2006
}

@Misc{ltsp,
    title = "{LTSP} {I}nstallation {G}uide",
    note = {\url{http://wiki.ltsp.org/twiki/pub/Ltsp/Documentation/ltspguide.pdf}},
    month = apr,
    year = 2006
}

@Misc{ltspgentoo,
    title = "{G}entoo - {LTSP} {G}uide",
    author = "Josiah Ritchie",
    note = {\url{http://www.gentoo.org/doc/en/ltsp.xml}},
    year = 2006
}

